
@article{deng2014deep,
title={Deep learning: methods and applications},
author={Deng, Li and Yu, Dong and others},
journal={Foundations and Trends{\textregistered} in Signal Processing},
volume={7},
number={3--4},
pages={197--387},
year={2014},
publisher={Now Publishers, Inc.}
}

@article{russakovsky2015imagenet,
title={Imagenet large scale visual recognition challenge},
author={Russakovsky, Olga and Deng, Jia and Su, Hao and Krause, Jonathan and Satheesh, Sanjeev and Ma, Sean and Huang, Zhiheng and Karpathy, Andrej and Khosla, Aditya and Bernstein, Michael and others},
journal={International Journal of Computer Vision},
volume={115},
number={3},
pages={211--252},
year={2015},
publisher={Springer}
}

@article{bengio2009learning,
title={Learning deep architectures for AI},
author={Bengio, Yoshua and others},
journal={Foundations and trends{\textregistered} in Machine Learning},
volume={2},
number={1},
pages={1--127},
year={2009},
publisher={Now Publishers, Inc.}
}

@article{kingma2014adam,
  title={Adam: A method for stochastic optimization},
  author={Kingma, Diederik and Ba, Jimmy},
  journal={arXiv preprint arXiv:1412.6980},
  year={2014}
}

@article{zeiler2012adadelta,
  title={ADADELTA: an adaptive learning rate method},
  author={Zeiler, Matthew D},
  journal={arXiv preprint arXiv:1212.5701},
  year={2012}
}

@incollection{bottou2010large,
  title={Large-scale machine learning with stochastic gradient descent},
  author={Bottou, L{\'e}on},
  booktitle={Proceedings of COMPSTAT'2010},
  pages={177--186},
  year={2010},
  publisher={Springer}
}

@book{chauvin1995backpropagation,
  title={Backpropagation: theory, architectures, and applications},
  author={Chauvin, Yves and Rumelhart, David E},
  year={1995},
  publisher={Psychology Press}
}

@article{hochreiter1997long,
  title={Long short-term memory},
  author={Hochreiter, Sepp and Schmidhuber, J{\"u}rgen},
  journal={Neural computation},
  volume={9},
  number={8},
  pages={1735--1780},
  year={1997},
  publisher={MIT Press}
}

